<?xml version="1.0" encoding="UTF-8"?><collection xmlns="http://www.loc.gov/MARC21/slim"><record><leader>00487nam--2200145-i-4500</leader><controlfield tag="001">000001657</controlfield><controlfield tag="002">20161230</controlfield><controlfield tag="005">20161230201024</controlfield><controlfield tag="008">060222s1000------------r-----000-0-eng-d</controlfield><datafield ind1=" " ind2=" " tag="080"><subfield code="a">517:62-5</subfield></datafield><datafield ind1=" " ind2=" " tag="100"><subfield code="a">Douglas, J.M</subfield></datafield><datafield ind1=" " ind2=" " tag="245"><subfield code="a">Process dynamics and control.control system synthesis</subfield></datafield><datafield ind1=" " ind2=" " tag="260"><subfield code="a">Englewood Cliffs, Prentice-hall, 1972. Xii + 447 P</subfield></datafield><datafield ind1=" " ind2=" " tag="490"><subfield code="a">Prentice-hall International Series In The Physical And Chemical Engineering Science, Neal R.Amundson, Editor</subfield></datafield><datafield ind1=" " ind2=" " tag="852"><subfield code="a">39418</subfield></datafield></record></collection>